<record><leader>00000cas a2200000 a 4500</leader><controlfield tag="001">32536758</controlfield><controlfield tag="008">950525d19411971caudn ne      0    0eng c</controlfield><datafield ind1=" " ind2=" " tag="010"><subfield code="a">sn 95061586 </subfield></datafield><datafield ind1=" " ind2=" " tag="040"><subfield code="a">CNK</subfield><subfield code="b">eng</subfield><subfield code="c">CNK</subfield><subfield code="d">OCLCQ</subfield><subfield code="d">OCLCF</subfield><subfield code="d">OCLCO</subfield></datafield><datafield ind1=" " ind2=" " tag="042"><subfield code="a">pcc</subfield></datafield><datafield ind1=" " ind2=" " tag="043"><subfield code="a">n-us-ca</subfield></datafield><datafield ind1="0" ind2="4" tag="245"><subfield code="a">The Van Nuys news and Valley green sheet.</subfield></datafield><datafield ind1="1" ind2="3" tag="246"><subfield code="a">News and green sheet</subfield><subfield code="f">Feb. 15, 1955-Nov. 11, 1958</subfield></datafield><datafield ind1=" " ind2=" " tag="260"><subfield code="a">Van Nuys, Calif. :</subfield><subfield code="b">Van Nuys Pub. Co.</subfield></datafield><datafield ind1=" " ind2=" " tag="300"><subfield code="a">v.</subfield></datafield><datafield ind1=" " ind2=" " tag="310"><subfield code="a">Four times a week,</subfield><subfield code="b">&lt;Dec. 1, 1959&gt;-June 15, 1971</subfield></datafield><datafield ind1=" " ind2=" " tag="321"><subfield code="a">Semiweekly,</subfield><subfield code="b">Sept. 19, 1941-Oct. 3, 1954</subfield></datafield><datafield ind1=" " ind2=" " tag="321"><subfield code="a">Triweekly,</subfield><subfield code="b">Oct. 5, 1954-&lt;Aug. 30, 1959&gt;</subfield></datafield><datafield ind1="0" ind2=" " tag="362"><subfield code="a">30th year, no. 15 (Sept. 19, 1941)-v. 60, no. 193 (June 15, 1971).</subfield></datafield><datafield ind1=" " ind2="0" tag="651"><subfield code="a">San Fernando Valley (Calif.)</subfield><subfield code="v">Newspapers.</subfield></datafield><datafield ind1=" " ind2="7" tag="655"><subfield code="a">Newspapers.</subfield><subfield code="2">fast</subfield><subfield code="0">(OCoLC)fst01423814</subfield></datafield><datafield ind1=" " ind2="7" tag="651"><subfield code="a">California</subfield><subfield code="z">San Fernando Valley.</subfield><subfield code="2">fast</subfield><subfield code="0">(OCoLC)fst01242395</subfield></datafield><datafield ind1=" " ind2=" " tag="752"><subfield code="a">United States</subfield><subfield code="b">California</subfield><subfield code="c">Los Angeles</subfield><subfield code="d">Los Angeles.</subfield></datafield><datafield ind1="0" ind2="0" tag="780"><subfield code="t">Van Nuys news</subfield><subfield code="w">(DLC)sn 95061581</subfield></datafield><datafield ind1="0" ind2="0" tag="785"><subfield code="t">Van Nuys news and green sheet</subfield><subfield code="w">(DLC)sn 95061596</subfield></datafield></record>